<?xml version="1.0" encoding="UTF-8"?><record xmlns="http://www.loc.gov/MARC21/slim" xmlns:cinclude="http://apache.org/cocoon/include/1.0" xmlns:zs="http://www.loc.gov/zing/srw/">
  <leader>00364nz  a2200121n  4500</leader>
  <controlfield tag="001">n  90622950 </controlfield>
  <controlfield tag="003">DLC</controlfield>
  <controlfield tag="005">19900321122601.1</controlfield>
  <controlfield tag="008">900321n| acannaab|          |n aad |||  </controlfield>
  <datafield tag="010" ind1=" " ind2=" ">
    <subfield code="a">n  90622950 </subfield>
  </datafield>
  <datafield tag="040" ind1=" " ind2=" ">
    <subfield code="a">DLC</subfield>
    <subfield code="c">DLC</subfield>
  </datafield>
  <datafield tag="100" ind1="1" ind2="0">
    <subfield code="a">Reed, Wilma Kirkham</subfield>
  </datafield>
  <datafield tag="670" ind1=" " ind2=" ">
    <subfield code="a">nuc90-19662: Her With these hands, 1982</subfield>
    <subfield code="b">(hdg. on TxU rept.: Reed, Wilma Kirkham; usage: Wilma Kirkham Reed)</subfield>
  </datafield>
</record>